%% This BibTeX bibliography file was created using BibDesk.
%% http://bibdesk.sourceforge.net/


%% Created for Lauro Cesar Araujo at 2015-04-27 19:43:45 -0300 


%% Saved with string encoding Unicode (UTF-8) 

	
@article{dcPrinciples,
	Author = {Crouzet, Motor},
	Journal = {Crouzet Motor Manuals},
	Title = {Some Principles of DC Motors},
	Year = {2010}}

@article{brushFundamentals,
	Author = {Yedamale, Padmaraja},
	Journal = {Microchip Technology Incorporated},
	Title = {Brushless DC motor fundamentals},
	Year = {2003}}
	

@article{referenceBook,
	Author = {Laughton, M. A. and M. G. Say},
	Journal = {Butterworth International Editions},
	Title = {Electrical Engineer's Reference Book},
	Year = {1990}}
